% This file was created with JabRef 2.10b2.
% Encoding: UTF-8


@Article{fsfd,
  Title                    = {{Measurement of the fragmentation fraction ratio $f_s/f_d$ and its dependence on $B$ meson kinematics}},
  Author                   = {Aaij, R. and others},
  Journal                  = {JHEP},
  Year                     = {2013},
  Note                     = {$f_s/f_d$ value updated in \href{https://cds.cern.ch/record/1559262}{LHCb-CONF-2013-011}},
  Pages                    = {001},
  Volume                   = {04},

  Archiveprefix            = {arXiv},
  Collaboration            = {LHCb collaboration},
  Doi                      = {10.1007/JHEP04(2013)001},
  Eprint                   = {1301.5286},
  Primaryclass             = {hep-ex},
  Reportnumber             = {CERN-PH-EP-2013-006, LHCB-PAPER-2012-037},
  Slaccitation             = {%%CITATION = ARXIV:1301.5286;%%}
}

@Other{LHCb-ANA-2011-078,
  Title                    = {{Searches for $\Bs \to \mumu$ and $\Bd \to \mumu$ in $370 \invpb$ at LHCb}},
  Author                   = {Adrover, C and Albrecht, J and Bettler, M-O and Carson, L and Cid Vidal, X and Elsasser, C and Hernando Morata, J A and Lanfranchi, G and Mancinelli, G and Martinez Santos, D and Matveev, M and Palutan, M and Perrin-Terrin, M and Sagidova, N and Sarti, A and Serrano, J and Shcheglov, Y and Steinkamp, O and Archilli, F and Sciascia, B},
  Number                   = {LHCb-ANA-2011-078}
}

@Article{Agostinelli:2002hh,
  Title                    = {{Geant4: A simulation toolkit}},
  Author                   = {Agostinelli, S. and others},
  Journal                  = {Nucl. Instrum. Meth.},
  Year                     = {2003},
  Pages                    = {250},
  Volume                   = {A506},

  Collaboration            = {Geant4 collaboration},
  Doi                      = {10.1016/S0168-9002(03)01368-8},
  Slaccitation             = {%%CITATION = NUIMA,A506,250;%%}
}

@Article{Allison:2006ve,
  Title                    = {{Geant4 developments and applications}},
  Author                   = {Allison, John and Amako, K. and Apostolakis, J. and Araujo, H. and Dubois, P.A. and others},
  Journal                  = {IEEE Trans.Nucl.Sci.},
  Year                     = {2006},
  Pages                    = {270},
  Volume                   = {53},

  Collaboration            = {Geant4 collaboration},
  Doi                      = {10.1109/TNS.2006.869826},
  Reportnumber             = {SLAC-PUB-11870},
  Slaccitation             = {%%CITATION = IETNA,53,270;%%}
}

@Article{Alves:2008zz,
  Title                    = {{The \lhcb detector at the LHC}},
  Author                   = {Alves~Jr., A. A. and others},
  Journal                  = {JINST},
  Year                     = {2008},
  Pages                    = {S08005},
  Volume                   = {3},

  Collaboration            = {LHCb collaboration},
  Doi                      = {10.1088/1748-0221/3/08/S08005}
}

@Misc{REVTeX,
  Title                    = {{APS {REV\TeX} package}},

  Author                   = {{American Physical Society}},
  HowPublished             = {\href{https://journals.aps.org/revtex}{https://journals.aps.org/revtex}}
}

@Article{HFAG,
  Title                    = {{Averages of $b$-hadron, $c$-hadron, and $\tau$-lepton properties as of summer 2014}},
  Author                   = {Amhis, Y. and others},
  Year                     = {2014},
  Note                     = {{updated results and plots available at \href{http://www.slac.stanford.edu/xorg/hfag/}{{\texttt{http://www.slac.stanford.edu/xorg/hfag/}}}}},

  Archiveprefix            = {arXiv},
  Collaboration            = {Heavy Flavor Averaging Group},
  Eprint                   = {1412.7515},
  Primaryclass             = {hep-ex}
}

@Article{LHCb-PROC-2010-056,
  Title                    = {{Handling of the generation of primary events in Gauss, the LHCb simulation framework}},
  Author                   = {Belyaev, I. and others},
  Journal                  = {{J. Phys. Conf. Ser.}},
  Year                     = {2011},
  Pages                    = {032047},
  Volume                   = {331},

  Doi                      = {10.1088/1742-6596/331/3/032047}
}

@Article{LHCb-PROC-2010-056_OLD,
  Title                    = {{Handling of the generation of primary events in Gauss, the LHCb simulation framework}},
  Author                   = {Belyaev, I. and others},
  Journal                  = {Nuclear Science Symposium Conference Record (NSS/MIC)},
  Year                     = {2010},
  Pages                    = {1155},
  Volume                   = {IEEE},

  Doi                      = {10.1109/NSSMIC.2010.5873949}
}

@Article{PDG2012,
  Title                    = {{\href{http://pdg.lbl.gov/}{Review of particle physics}}},
  Author                   = {Beringer, J. and others},
  Journal                  = {Phys. Rev.},
  Year                     = {2012},
  Note                     = {{and 2013 partial update for the 2014 edition}},
  Pages                    = {010001},
  Volume                   = {D86},

  Collaboration            = {Particle Data Group},
  Doi                      = {10.1103/PhysRevD.86.010001}
}

@Article{Bobeth:2011gi,
  Title                    = {{More benefits of semileptonic rare $B$ decays at low recoil: \CP Violation}},
  Author                   = {Bobeth, Christoph and Hiller, Gudrun and van Dyk, Danny},
  Journal                  = {JHEP},
  Year                     = {2011},
  Pages                    = {067},
  Volume                   = {07},

  Archiveprefix            = {arXiv},
  Doi                      = {10.1007/JHEP07(2011)067},
  Eprint                   = {1105.0376},
  Primaryclass             = {hep-ph},
  Reportnumber             = {DO-TH-10-16},
  Slaccitation             = {%%CITATION = ARXIV:1105.0376;%%}
}

@Book{Breiman,
  Title                    = {Classification and regression trees},
  Author                   = {Breiman, L. and Friedman, J. H. and Olshen, R. A. and Stone, C. J.},
  Publisher                = {Wadsworth international group},
  Year                     = {1984},

  Address                  = {Belmont, California, USA}
}

@Article{LHCb-PROC-2011-006,
  Title                    = {{The \lhcb simulation application, Gauss: Design, evolution and experience}},
  Author                   = {Clemencic, M and others},
  Journal                  = {{J. Phys. Conf. Ser.}},
  Year                     = {2011},
  Pages                    = {032023},
  Volume                   = {331},

  Doi                      = {10.1088/1742-6596/331/3/032023}
}

@Other{LHCb-INT-2011-047,
  Title                    = {A measurement of the photon efficiency from the 2010 data},
  Author                   = {Dickens, Jeremy},
  Number                   = {LHCb-INT-2011-047}
}

@Article{Dujany:2017839,
  Title                    = {{Real-time alignment and calibration of the LHCb Detector in Run II}},
  Author                   = {Dujany, Giulio and Storaci, Barbara},
  Year                     = {2015},

  Month                    = {Apr},
  Number                   = {LHCb-PROC-2015-011},

  Url                      = {https://cds.cern.ch/record/2017839}
}

@Other{LHCb-TALK-2014-257,
  Title                    = {Future of heavy flavour physics},
  Author                   = {Egede, Ulrik},
  Number                   = {LHCb-TALK-2014-257}
}

@Misc{BibTeX,
  Title                    = {Your {Bib\TeX} resource},

  Author                   = {Feder, Alexander},
  HowPublished             = {\href{http://www.bibtex.org/} {http://www.bibtex.org/}}
}

@Article{FerroLuzzi:2005em,
  Title                    = {{Proposal for an absolute luminosity determination in colliding beam experiments using vertex detection of beam-gas interactions}},
  Author                   = {Ferro-Luzzi, M.},
  Journal                  = {Nucl.Instrum.Meth.},
  Year                     = {2005},
  Pages                    = {388-399},
  Volume                   = {A553},

  Doi                      = {10.1016/j.nima.2005.07.010}
}

@Other{LHCb-PUB-2011-003,
  Title                    = {{A single track HLT1 trigger}},
  Author                   = {Gligorov, Vladimir V},
  Number                   = {LHCb-PUB-2011-003}
}

@Article{BBDT,
  Title                    = {{Efficient, reliable and fast high-level triggering using a bonsai boosted decision tree}},
  Author                   = {Gligorov, V. V. and Williams, M.},
  Journal                  = {JINST},
  Year                     = {2013},
  Pages                    = {P02013},
  Volume                   = {8},

  Archiveprefix            = {arXiv},
  Doi                      = {10.1088/1748-0221/8/02/P02013},
  Eprint                   = {1210.6861},
  Primaryclass             = {physics.ins-det}
}

@Article{Golonka:2005pn,
  Title                    = {{PHOTOS Monte Carlo: A precision tool for QED corrections in $Z$ and $W$ decays}},
  Author                   = {Golonka, Piotr and Was, Zbigniew},
  Journal                  = {Eur.Phys.J.},
  Year                     = {2006},
  Pages                    = {97-107},
  Volume                   = {C45},

  Archiveprefix            = {arXiv},
  Doi                      = {10.1140/epjc/s2005-02396-4},
  Eprint                   = {hep-ph/0506026},
  Primaryclass             = {hep-ph},
  Reportnumber             = {IFJPAN-V-05-01, CERN-PH-TH-2005-091},
  Slaccitation             = {%%CITATION = HEP-PH/0506026;%%}
}

@Article{BelleDIRACAmazon,
  Title                    = {{Belle-DIRAC setup for using Amazon Elastic Compute Cloud}},
  Author                   = {Graciani Diaz, Ricardo and Casajus Ramo, Adria and Carmona uero, Ana and Fifield, Thomas and Sevior, Martin},
  Journal                  = {Journal of Grid Computing},
  Year                     = {2011},
  Pages                    = {65-79},
  Volume                   = {9},

  Doi                      = {10.1007/s10723-010-9175-7}
}

@Article{Hulsbergen:2005pu,
  Title                    = {{Decay chain fitting with a Kalman filter}},
  Author                   = {Hulsbergen, Wouter D.},
  Journal                  = {Nucl.Instrum.Meth.},
  Year                     = {2005},
  Pages                    = {566-575},
  Volume                   = {A552},

  Archiveprefix            = {arXiv},
  Doi                      = {10.1016/j.nima.2005.06.078},
  Eprint                   = {physics/0503191},
  Primaryclass             = {physics},
  Slaccitation             = {%%CITATION = PHYSICS/0503191;%%}
}

@Article{Lange:2001uf,
  Title                    = {{The EvtGen particle decay simulation package}},
  Author                   = {Lange, D. J.},
  Journal                  = {Nucl. Instrum. Meth.},
  Year                     = {2001},
  Pages                    = {152-155},
  Volume                   = {A462},

  Doi                      = {10.1016/S0168-9002(01)00089-4},
  Slaccitation             = {%%CITATION = NUIMA,A462,152;%%}
}

@Article{Majorana:1937vz,
  Title                    = {{Teoria simmetrica dell'elettrone e del positrone}},
  Author                   = {Majorana, Ettore},
  Journal                  = {Nuovo Cim.},
  Year                     = {1937},
  Pages                    = {171-184},
  Volume                   = {14},

  Doi                      = {10.1007/BF02961314}
}

@Article{Mohapatra:1979ia,
  Title                    = {{Neutrino Mass and Spontaneous Parity Violation}},
  Author                   = {Mohapatra, Rabindra N. and Senjanovic, Goran},
  Journal                  = {Phys.Rev.Lett.},
  Year                     = {1980},
  Pages                    = {912},
  Volume                   = {44},

  Doi                      = {10.1103/PhysRevLett.44.912},
  Reportnumber             = {MDDP-TR-80-060, MDDP-PP-80-105, CCNY-HEP-79-10},
  Slaccitation             = {%%CITATION = PRLTA,44,912;%%}
}

@Article{PDG2014,
  Title                    = {{\href{http://pdg.lbl.gov/}{Review of particle physics}}},
  Author                   = {Olive, K. A. and others},
  Journal                  = {Chin. Phys.},
  Year                     = {2014},
  Note                     = {{and 2015 update}},
  Pages                    = {090001},
  Volume                   = {C38},

  Collaboration            = {Particle Data Group},
  Doi                      = {10.1088/1674-1137/38/9/090001}
}

@Other{CERN-THESIS-2014-057,
  Title                    = {{Measurement of branching fractions, isospin asymmetries and angular observables in exclusive electroweak penguin decays}},
  Author                   = {Owen, Patrick},
  Month                    = {Mar},
  Number                   = {CERN-THESIS-2014-057},
  School                   = {Imperial Coll., London},
  Year                     = {2014}
}

@Article{Pascoli:2007qh,
  Title                    = {{Majorana neutrinos, neutrino mass spectrum and the $|\langle m \rangle| \sim 10^{-3}$~eV frontier in neutrinoless double beta decay}},
  Author                   = {Pascoli, S. and Petcov, S.T.},
  Journal                  = {Phys.\ Rev.},
  Year                     = {2008},
  Pages                    = {113003},
  Volume                   = {D77},

  Archiveprefix            = {arXiv},
  Doi                      = {10.1103/PhysRevD.77.113003},
  Eprint                   = {0711.4993},
  Primaryclass             = {hep-ph}
}

@Article{Pati:1974yy,
  Title                    = {{Lepton Number as the Fourth Color}},
  Author                   = {Pati, Jogesh C. and Salam, Abdus},
  Journal                  = {Phys. Rev.},
  Year                     = {1974},
  Note                     = {Erratum-ibid. \textbf{D11} (1975) 703},
  Pages                    = {275-289},
  Volume                   = {D10},

  Doi                      = {10.1103/PhysRevD.10.275}
}

@Other{LHCb-PROC-2014-017,
  Title                    = {{First Years of Running for the LHCb Calorimeter system}},
  Author                   = {Perret, Pascal},
  Month                    = {Jul},
  Number                   = {LHCb-PROC-2014-017},
  Year                     = {2014}
}

@Article{Pivk:2004ty,
  Title                    = {{sPlot: A statistical tool to unfold data distributions}},
  Author                   = {Pivk, Muriel and Le Diberder, Francois R.},
  Journal                  = {Nucl.Instrum.Meth.},
  Year                     = {2005},
  Pages                    = {356-369},
  Volume                   = {A555},

  Archiveprefix            = {arXiv},
  Doi                      = {10.1016/j.nima.2005.08.106},
  Eprint                   = {physics/0402083},
  Primaryclass             = {physics.data-an},
  Reportnumber             = {LAL-04-07},
  Slaccitation             = {%%CITATION = PHYSICS/0402083;%%}
}

@Article{LHCb-PROC-2011-008,
  Title                    = {{Particle identification at LHCb}},
  Author                   = {Powell, A. and others},
  Journal                  = {PoS},
  Year                     = {2010},
  Note                     = {\href{https://cdsweb.cern.ch/record/1322666?ln=en}{LHCb-PROC-2011-008}},
  Pages                    = {020},
  Volume                   = {ICHEP2010},

  Slaccitation             = {%%CITATION = POSCI,ICHEP2010,020;%%}
}

@Other{LHCb-PUB-2014-046,
  Title                    = {{The LHCb trigger in 2011 and 2012}},
  Author                   = {Puig, Albert},
  Number                   = {LHCb-PUB-2014-046}
}

@InProceedings{Punzi:2003bu,
  Title                    = {{Sensitivity of searches for new signals and its optimization}},
  Author                   = {Punzi, G.},
  Booktitle                = {Statistical Problems in Particle Physics, Astrophysics, and Cosmology},
  Year                     = {2003},
  Editor                   = {{Lyons}, L. and {Mount}, R. and {Reitmeyer}, R.},
  Pages                    = {79},

  Adsnote                  = {Provided by the SAO/NASA Astrophysics Data System},
  Adsurl                   = {http://adsabs.harvard.edu/abs/2003sppp.conf...79P},
  Archiveprefix            = {arXiv},
  Eprint                   = {physics/0308063}
}

@Article{Roe,
  Title                    = {{Boosted decision trees as an alternative to artificial neural networks for particle identification}},
  Author                   = {Roe, B.~P. and Yang, H.-J. and Zhu, J. and Liu, Y. and Stancu, I. and McGregor, G.},
  Journal                  = {Nucl.Instrum.Meth.},
  Year                     = {2005},
  Pages                    = {577-584},
  Volume                   = {A543},

  Archiveprefix            = {arXiv},
  Doi                      = {10.1016/j.nima.2004.12.018},
  Eprint                   = {physics/0408124},
  Primaryclass             = {physics}
}

@Article{AdaBoost,
  Title                    = {A decision-theoretic generalization of on-line learning and an application to boosting},
  Author                   = {Schapire, Robert E. and Freund, Yoav},
  Journal                  = {J. Comput. Syst. Sci.},
  Year                     = {1997},
  Pages                    = {119},
  Volume                   = {55},

  Doi                      = {10.1006/jcss.1997.1504}
}

@Misc{mciteplus,
  Title                    = {Mciteplus: Enhanced multicitations},

  Author                   = {Shell, Michael},
  HowPublished             = {\href{http://www.michaelshell.org/tex/mciteplus/} {http://www.michaelshell.org/tex/mciteplus/}}
}

@Article{Sjostrand:2007gs,
  Title                    = {{A brief introduction to PYTHIA 8.1}},
  Author                   = {Sj\"{o}strand, Torbj\"{o}rn and Mrenna, Stephen and Skands, Peter"},
  Journal                  = {Comput.Phys.Commun.},
  Year                     = {2008},
  Pages                    = {852-867},
  Volume                   = {178},

  Archiveprefix            = {arXiv},
  Doi                      = {10.1016/j.cpc.2008.01.036},
  Eprint                   = {0710.3820},
  Primaryclass             = {hep-ph},
  Reportnumber             = {CERN-LCGAPP-2007-04, LU-TP-07-28, FERMILAB-PUB-07-512-CD-T},
  Slaccitation             = {%%CITATION = ARXIV:0710.3820;%%}
}

@Article{Sjostrand:2006za,
  Title                    = {{PYTHIA 6.4 physics and manual}},
  Author                   = {Sj\"{o}strand, Torbj\"{o}rn and Mrenna, Stephen and Skands, Peter"},
  Journal                  = {JHEP},
  Year                     = {2006},
  Pages                    = {026},
  Volume                   = {05},

  Archiveprefix            = {arXiv},
  Doi                      = {10.1088/1126-6708/2006/05/026},
  Eprint                   = {hep-ph/0603175},
  Primaryclass             = {hep-ph}
}

@Article{Skands:2009zm,
  Title                    = {{The Perugia tunes}},
  Author                   = {Skands, Peter Z.},
  Year                     = {2009},

  Archiveprefix            = {arXiv},
  Eprint                   = {0905.3418},
  Primaryclass             = {hep-ph}
}

@PhdThesis{Skwarnicki:1986xj,
  Title                    = {{A study of the radiative cascade transitions between the Upsilon-prime and Upsilon resonances}},
  Author                   = {Skwarnicki, Tomasz},
  School                   = {Institute of Nuclear Physics, Krakow},
  Year                     = {1986},
  Note                     = {{\href{http://inspirehep.net/record/230779/}{DESY-F31-86-02}}},

  Slaccitation             = {%%CITATION = DESY-F31-86-02 ETC.;%%}
}

@Article{Tsaregorodtsev:2010zz,
  Title                    = {{DIRAC3: The new generation of the LHCb grid software}},
  Author                   = {Tsaregorodtsev, A. and Brook, N. and Casajus Ramo, A. and Charpentier, P. and Closier, J. and others},
  Journal                  = {J. Phys. Conf. Ser.},
  Year                     = {2010},
  Pages                    = {062029},
  Volume                   = {219},

  Doi                      = {10.1088/1742-6596/219/6/062029},
  Slaccitation             = {%%CITATION = 00462,219,062029;%%}
}

@Article{Wilks:1938dza,
  Title                    = {{The large-sample distribution of the likelihood ratio for testing composite hypotheses}},
  Author                   = {Wilks, S. S.},
  Journal                  = {Ann. Math.Stat.},
  Year                     = {1938},
  Pages                    = {60-62},
  Volume                   = {9},

  Doi                      = {10.1214/aoms/1177732360},
  Slaccitation             = {%%CITATION = AASTA,9,60;%%}
}

