

@article{GL,
 title = "{How to determine all the angles of the unitarity triangle from $B^{0}_d \rightarrow D K_{S}$ and $B^{0}_{s}\rightarrow D \phi$}",
 journal = "Physics Letters B ",
 volume = "253",
 number = "3–4",
 pages = "483 - 488",
 year = "1991",
 issn = "0370-2693",
 doi = "http://dx.doi.org/10.1016/0370-2693(91)91756-L",
 url = "http://www.sciencedirect.com/science/article/pii/037026939191756L",
 author = "Michael Gronau and David London"
}
 
@article{GW,
title = "On determining a weak phase from charged B decay asymmetries ",
journal = "Physics Letters B ",
volume = "265",
number = "1–2",
pages = "172 - 176",
year = "1991",
issn = "0370-2693",
doi = "http://dx.doi.org/10.1016/0370-2693(91)90034-N",
url = "http://www.sciencedirect.com/science/article/pii/037026939190034N",
author = "Michael Gronau and Daniel Wyler"
}
 
@article{ADS,
 title = "{Enhanced CP Violation with $B \rightarrow KD^{0} ( \bar{D}^{0} )$ Modes and Extraction of the Cabibbo-Kobayashi-Maskawa Angle $\gamma$}",
 author = {Atwood, David and Dunietz, Isard and Soni, Amarjit},
 journal = {Phys. Rev. Lett.},
 volume = {78},
 issue = {17},
 pages = {3257--3260},
 numpages = {0},
 year = {1997},
 month = {Apr},
 publisher = {American Physical Society},
 doi = {10.1103/PhysRevLett.78.3257},
 url = {http://link.aps.org/doi/10.1103/PhysRevLett.78.3257}
}

@article{ADS-2001,
 title = "{Improved methods for observing $\mathrm{CP}$ violation in ${B}^\pm\rightarrow KD$ and measuring the CKM phase $\gamma$}",
 author = {Atwood, David and Dunietz, Isard and Soni, Amarjit},
 journal = {Phys. Rev. D},
 volume = {63},
 issue = {3},
 pages = {036005},
 numpages = {17},
 year = {2001},
 month = {Jan},
 publisher = {American Physical Society},
 doi = {10.1103/PhysRevD.63.036005},
 url = {http://link.aps.org/doi/10.1103/PhysRevD.63.036005}
}

% CKMfitter & UTfit
@article{CKMfitter2015,
  title = {Current status of the standard model CKM fit and constraints on $\mathrm{\ensuremath{\Delta}}F=2$ new physics},
  author = {Charles, J. and Deschamps, O. and Descotes-Genon, S. and Lacker, H. and Menzel, A. and Monteil, S. and Niess, V. and Ocariz, J. and Orloff, J. and Perez, A. and Qian, W. and Tisserand, V. and Trabelsi, K. and Urquijo, P. and Vale Silva, L.},
  collaboration = {CKMfitter Group},
  journal = {Phys. Rev. D},
  volume = {91},
  issue = {7},
  pages = {073007},
  numpages = {13},
  year = {2015},
  month = {Apr},
  publisher = {American Physical Society},
  doi = {10.1103/PhysRevD.91.073007},
  url = {http://link.aps.org/doi/10.1103/PhysRevD.91.073007}
}

@article{CKMFitter,
      author         = "Charles, J. and others",
      title          = "{CP violation and the CKM matrix: assessing the impact of
                       the asymmetric $B$ factories}",
      collaboration  = "CKMfitter group",
      journal        = "Eur.Phys.J.",
      volume         = "C41",
      pages          = "1-131",
      doi            = "10.1140/epjc/s2005-02169-1",
      year           = "2005",
      eprint         = "hep-ph/0406184",
      archivePrefix  = "arXiv",
      primaryClass   = "hep-ph",
      reportNumber   = "CPT-2004-P-030, LAL-04-21, LAPP-EXP-2004-01,
                        LPNHE-2004-01",
      note           = "{updated results and plots available at: \href{http://ckmfitter.in2p3.fr}{{\tt http://ckmfitter.in2p3.fr}}}",
      SLACcitation   = "%%CITATION = HEP-PH/0406184;%%",
}
 
@article{UTFit,
      author         = "Bona, Marcella and others",
      title          = "{The 2004 UTfit collaboration report on the status of the
                       unitarity triangle in the standard model}",
      collaboration  = "UTfit collaboration",
      journal        = "JHEP",
      volume         = "07",
      pages          = "028",
      doi            = "10.1088/1126-6708/2005/07/028",
      year           = "2005",
      eprint         = "hep-ph/0501199",
      archivePrefix  = "arXiv",
      primaryClass   = "hep-ph",
      note           = "{updated results and plots available at: \href{http://www.utfit.org/UTfit/}{{\tt http://www.utfit.org/UTfit/}}}",
      SLACcitation   = "%%CITATION = HEP-PH/0501199;%%",
}

% BaBar DK* analysis
@article{BaBarDKstar,
  title = {Measurement of $CP$ violation observables and parameters for the decays $B^\pm \rightarrow D{K}^{*\pm}$},
  author = {Aubert, B. and others},
  journal = {Phys. Rev. D},
  volume = {80},
  issue = {9},
  pages = {092001},
  numpages = {14},
  year = {2009},
  month = {Nov},
  publisher = {American Physical Society},
  doi = {10.1103/PhysRevD.80.092001},
  url = {http://link.aps.org/doi/10.1103/PhysRevD.80.092001}
}

% BaBar GLW latest
@Article{BabarGLW_latest,
     author    = "del Amo Sanchez, P. and others",
 collaboration = "\babar collaboration",
     title     = "{Measurement of CP observables in $\Bpm \to D_{CP } \Kpm$ decays and constraints on the CKM angle \g}",
     journal   = "Phys. Rev.",
     volume    = "D82",
     year      = "2010",
     pages     = "072004",
     eprint    = "1007.0504",
     archivePrefix = "arXiv",
     primaryClass  =  "hep-ex",
     doi       = "10.1103/PhysRevD.82.072004",
     SLACcitation  = "%%CITATION = 1007.0504;%%"
}

% Belle, GLW latest
@Article{BelleGLW_latest,
     author    = "Abe, K. and others",
 collaboration = "Belle collaboration",
     title     = "{Study of $\Bpm \to D_{CP} \Kpm$ and $D^*_{CP} \Kpm$ decays}",
     journal   = "Phys. Rev.",
     volume    = "D73",
     year      = "2006",
     pages     = "051106",
     eprint    = "hep-ex/0601032",
     archivePrefix = "arXiv",
     doi       = "10.1103/PhysRevD.73.051106",
     SLACcitation  = "%%CITATION = HEP-EX/0601032;%%"
}

% BaBar ADS latest
@Article{BabarADS_latest,
     author    = "del Amo Sanchez, P. and others",
 collaboration = "\babar collaboration",
     title     = "{Search for $b \to u$ transitions in $\Bm \to D\Km$ and $\Bm \to D^*\Km$ decays}",
     journal   = "Phys. Rev.",
     volume    = "D82",
     year      = "2010",
     pages     = "072006",
     eprint    = "1006.4241",
     archivePrefix = "arXiv",
     primaryClass  =  "hep-ex",
     doi       = "10.1103/PhysRevD.82.072006",
     SLACcitation  = "%%CITATION = 1006.4241;%%"
}
 
% Belle ADS lastet
@Article{BelleADS_latest,
     author    = "Horii, Y. and others",
 collaboration = "\belle collaboration",
     title     = "{Evidence for the suppressed decay $\Bm \to D\Km, D \to \Kp\pim $}",
     journal   = "Phys. Rev. Lett.",
     volume    = "106",
     year      = "2011",
     pages     = "231803",
     eprint    = "1103.5951",
     archivePrefix = "arXiv",
     primaryClass  =  "hep-ex",
     doi       = "10.1103/PhysRevLett.106.231803",
     SLACcitation  = "%%CITATION = 1103.5951;%%"
}

@article{BaBar-Gamma-2013,
      author         = "Lees, J.P. and others",
      title          = "{Observation of direct CP violation in the measurement of the Cabibbo-Kobayashi-Maskawa angle gamma with $B^\pm\to D^{(*)}K^{(*)\pm}$ decays}",
      collaboration  = "BaBar collaboration",
      journal        = "Phys.Rev.",
      number         = "5",
      volume         = "D87",
      pages          = "052015",
      doi            = "10.1103/PhysRevD.87.052015",
      year           = "2013",
      eprint         = "1301.1029",
      archivePrefix  = "arXiv",
      primaryClass   = "hep-ex",
      reportNumber   = "BABAR-PUB-12-025, SLAC-PUB-15328",
      SLACcitation   = "%%CITATION = ARXIV:1301.1029;%%",
}

@article{PIDCalib,
     title = "PIDCalib packages",
     doi   = "https://twiki.cern.ch/twiki/bin/view/LHCb/PIDCalibPackage",
     author = "Hunt, Philip and others"
}

@article{B2DK_ADSGLW,
      author        = "Hill, Donal and John, Malcolm and Hussain, Nazim and
                       Wilkinson, Guy and Evans, Timothy David and Malde, Sneha
                       Sirirshkumar",
      title         = "{Analysis of $B^{\pm} \rightarrow D h^{\pm}$ with
                       $D\rightarrow K\pi,KK,\pi\pi, K\pi\pi\pi, \pi\pi\pi\pi$
                       final states $3\text {fb}^{-1} \ \text {update}$}",
      month         = "Jan",
      year          = "2016",
      reportNumber  = "LHCb-ANA-2014-071",
      url           = "https://cds.cern.ch/record/1747788",
} 

@article{B02DKst0_ADSGLW,
      author        = "Martín-Sánchez, A and Schune, M-H and Smith, E and
                       Ricciardi, S and Robbe, P and Nandakumar, R",
      title         = "{Measurement of $CP$ observables in v $B^0_{(S)} \to D
                       K^{*0}$  for $D \to K^+K^-$, $\pi^+ \pi^-$ and $K^\mp
                       \pi^\pm$ with 2011 and 2012 data}",
      month         = "Dec",
      year          = "2012",
      reportNumber  = "LHCb-ANA-2012-118",
      url           = "https://cds.cern.ch/record/1498107",
}

@article{B02DKst0_GGSZ,
      author        = "Cheung, Faye and Malde, Sneha Sirirshkumar and Wilkinson,
                       Guy",
      title         = "{The measurement of the CKM angle $\gamma$ using the
                       decays $B^0 \to D[K_\mathrm{S}^0\pi\pi] K^{*0}$ and $B^0
                       \to D[K_\mathrm{S}^0 KK] K^{*0}$}",
      month         = "Mar",
      year          = "2016",
      reportNumber  = "LHCb-ANA-2015-060",
      url           = "https://cds.cern.ch/record/2062916",
}

@article{Borchardt:2017848,
      author        = "Borchardt, Rainer and Stahl, Marian and Vesterinen, Mika
                       and Hill, Donal and John, Malcolm",
      title         = "{The $B^{\pm}$ production asymmetry in Run I and the CP
                       asymmetry of  $B^{\pm} \to J/\psi K^{\pm}$}",
      month         = "May",
      year          = "2015",
      reportNumber  = "LHCb-ANA-2015-030",
      url           = "https://cds.cern.ch/record/2017848",
}

@article{LHCB-PAPER-2016-032-001,
      author        = "Kenzie, Matthew and Whitehead, Mark and Carbone, Angelo",
      title         = "{Measurement of the CKM angle $\gamma$ from a combination
                       of tree-level LHCb analyses}",
      collaboration = "LHCb Collaboration",
      month         = "Jul",
      year          = "2016",
      reportNumber  = "LHCB-PAPER-2016-032-001",
      url           = "https://cds.cern.ch/record/2199791",
}

%K Detection Asymmetries
@lhcbreport{k_det_asym_old,
        author = "Gordon, H. and Lambert, R.W. and van Tilburg, J. and Vesterinen, M.",
        title = "A Measurement of the $\uppercase{K}\pi$ Detection Asymmetry",
        number = "LHCb-INT-2012-027"
}

%K Detection Asymmetries
@article{k_det_asym,
        author = "Aaij, R and others",
        collaboration = "LHCb Collaboration",
        title="{Measurement of CP asymmetry in $D^{0} \to K^- K^+$ and $D^{0} \to \pi^- \pi^-$ decays}",
        journal="Journal of High Energy Physics",
        year="2014",
        volume="2014",
        number="7",
        pages="41",
        issn="1029-8479",
        doi="10.1007/JHEP07(2014)041",
        url="http://dx.doi.org/10.1007/JHEP07(2014)041",
        eprint    = "1405.2797",
        archivePrefix = "arXiv"
}
 
%Prod Asymmetries
@article{pi_det_asym,
        author = "Aaij, R and others",
        collaboration = "LHCb Collaboration",
        title = "{Measurement of the $D^+_S$ - $D^-_S$ production asymmetry in 7 TeV $pp$ collisions}",
        journal = "Phys. Lett.",
        volume = "B713",
        year = "2012",
        pages = "186"
}

%Laura++
@misc{Laura,
     url   = "https://laura.hepforge.org/",
     author = "Latham, Thomas and Back, John and Harrison, Paul",
     title = "{Laura++, a Dalitz plot fitting package}"
}

%Armenteros-Podolanski plot
@article{APplot,
     author = "Dettori, F.",
     title = "{Production measurements at LHCb with the first data}",
     eprint    = "0909.5596",
     archivePrefix = "arXiv",
     year = 2009
}

%CLs method                                                                                                                                                                                                 
@article{Read:451614,
      author        = "Read, A L",
      title         = "{Modified frequentist analysis of search results (the
                       $CL_{s}$ method)}",
      number        = "CERN-OPEN-2000-205",
      year          = "2000",
      reportNumber  = "CERN-OPEN-2000-205",
      url           = "http://cds.cern.ch/record/451614",
}
